%YAML 1.1
%TAG !u! tag:unity3d.com,2011:
--- !u!1001 &100100000
Prefab:
  m_ObjectHideFlags: 1
  serializedVersion: 2
  m_Modification:
    m_TransformParent: {fileID: 0}
    m_Modifications: []
    m_RemovedComponents: []
  m_ParentPrefab: {fileID: 0}
  m_RootGameObject: {fileID: 1623924555205790}
  m_IsPrefabParent: 1
--- !u!1 &1623924555205790
GameObject:
  m_ObjectHideFlags: 0
  m_PrefabParentObject: {fileID: 0}
  m_PrefabInternal: {fileID: 100100000}
  serializedVersion: 5
  m_Component:
  - component: {fileID: 4837593589069850}
  - component: {fileID: 114416182414982476}
  - component: {fileID: 114812049853614174}
  - component: {fileID: 114137326132707758}
  - component: {fileID: 114730537795987182}
  m_Layer: 0
  m_Name: GameManager
  m_TagString: Untagged
  m_Icon: {fileID: 0}
  m_NavMeshLayer: 0
  m_StaticEditorFlags: 0
  m_IsActive: 1
--- !u!4 &4837593589069850
Transform:
  m_ObjectHideFlags: 1
  m_PrefabParentObject: {fileID: 0}
  m_PrefabInternal: {fileID: 100100000}
  m_GameObject: {fileID: 1623924555205790}
  m_LocalRotation: {x: -0, y: -0, z: -0, w: 1}
  m_LocalPosition: {x: 46.484406, y: 96.227615, z: 0}
  m_LocalScale: {x: 0.39669204, y: 0.39669204, z: 0.39669204}
  m_Children: []
  m_Father: {fileID: 0}
  m_RootOrder: 0
  m_LocalEulerAnglesHint: {x: 0, y: 0, z: 0}
--- !u!114 &114137326132707758
MonoBehaviour:
  m_ObjectHideFlags: 1
  m_PrefabParentObject: {fileID: 0}
  m_PrefabInternal: {fileID: 100100000}
  m_GameObject: {fileID: 1623924555205790}
  m_Enabled: 1
  m_EditorHideFlags: 0
  m_Script: {fileID: 11500000, guid: 9223e1e010ca7b84e85ac70185f1b495, type: 3}
  m_Name: 
  m_EditorClassIdentifier: 
--- !u!114 &114416182414982476
MonoBehaviour:
  m_ObjectHideFlags: 1
  m_PrefabParentObject: {fileID: 0}
  m_PrefabInternal: {fileID: 100100000}
  m_GameObject: {fileID: 1623924555205790}
  m_Enabled: 1
  m_EditorHideFlags: 0
  m_Script: {fileID: 11500000, guid: b046e3009ee41a64e876e0ef8dd14044, type: 3}
  m_Name: 
  m_EditorClassIdentifier: 
--- !u!114 &114730537795987182
MonoBehaviour:
  m_ObjectHideFlags: 1
  m_PrefabParentObject: {fileID: 0}
  m_PrefabInternal: {fileID: 100100000}
  m_GameObject: {fileID: 1623924555205790}
  m_Enabled: 1
  m_EditorHideFlags: 0
  m_Script: {fileID: 11500000, guid: e4b7db745dc1b4849bfea97ccf9f2677, type: 3}
  m_Name: 
  m_EditorClassIdentifier: 
  pauseScene: PauseScene
--- !u!114 &114812049853614174
MonoBehaviour:
  m_ObjectHideFlags: 1
  m_PrefabParentObject: {fileID: 0}
  m_PrefabInternal: {fileID: 100100000}
  m_GameObject: {fileID: 1623924555205790}
  m_Enabled: 1
  m_EditorHideFlags: 0
  m_Script: {fileID: 11500000, guid: 58cc17d80328c5949ad817239734972f, type: 3}
  m_Name: 
  m_EditorClassIdentifier: 
  playerData:
    inventoryData:
      inventorySize: 8
      items: []
    usableItemInventory:
      items:
      - {fileID: 11400000, guid: 4107f411c977bd74195975409a5534e5, type: 2}
      - {fileID: 11400000, guid: d0bfbde73697c554bbb775fb453d2dfa, type: 2}
      - {fileID: 11400000, guid: 563d1986ab76cc84bad92494e0378d26, type: 2}
      currentItem: 0
      nextItem: 0
      doRotation: 0
    visor:
      MAX_BATTERY: 20
      DECREASE_RATE: 2
      material: {fileID: 2100000, guid: 5715658046d7f6741ac82bafb59da596, type: 2}
      tagName: clues
      visorActive: 0
      batteryLife: 20
    cameraMaterial: {fileID: 2100000, guid: 4e66bc0d2c3a1994e8037c8339f45cde, type: 2}
    playerFullSanity: 100
    playerSanity: 0
    position: {x: 1200, y: 123123, z: 12313}
    level: 0
    clues: 
  settingsData:
    musicValue: 0
    sfxValue: 0
  password: 12345
  passwordChar: 6
  bookgame: 0
  computerGame: 0
  musicGame: 0
  passwordGame: 0
  isPaused: 0
